@misc{lcl,
  author = {Marcus Vinícius Lamar},
  title = {Laboratório de Circuitos Lógicos},
  publisher = {Universidade de Brasília},
  year = {2021}
}

@misc{cl_latchs_RS_D,
  author = {Marcelo Grandi Mandelli},
  title = {Latches RS e D simples},
  publisher = {Universidade de Brasília},
  year = {2021},
  howpublished = "\url{https://aprender3.unb.br/mod/resource/view.php?id=386082}"
}

@misc{cl_flipflops_RS_D_JK,
  author = {Marcelo Grandi Mandelli},
  title = {Flip-flops RS, D e JK},
  publisher = {Universidade de Brasília},
  year = {2021},
  howpublished = "\url{https://aprender3.unb.br/mod/resource/view.php?id=386087}"
}

@misc{cl_flipflop_T_clear_preset,
  author = {Marcelo Grandi Mandelli},
  title = {Flip-flop T e Preset-Clear},
  publisher = {Universidade de Brasília},
  year = {2021},
  howpublished = "\url{https://aprender3.unb.br/mod/resource/view.php?id=386092}"
}
