@misc{Instruction_register,
  author = {Wikipedia},
  title = {Instrunction Register},
  publisher = {Wikipedia},
  year = {2021},
  howpublished = "\url{https://en.wikipedia.org/wiki/Instruction_register}"
}

@misc{Digital_Design,
  author = {David Harris and Sarah Harris},
  title = {Digital Design and Computer Architecture},
  publisher = {Morgan Kaufmann},
  year = {2012},
  howpublished = "\url{https://www.amazon.com/Digital-Design-Computer-Architecture-Harris/dp/0123944244}"
}

@misc{ROM_memory,
  author = {Wikipedia},
  title = {ROM Memory},
  publisher = {Wikipedia},
  year = {2021},
  howpublished = "\url{https://en.wikipedia.org/wiki/Read-only_memory}"
}

@misc{Diagram_Register_file,
  author = {Marcus Vinícius Lamar},
  title = {Projeto 2021 - ZeptoProcessador-III},
  publisher = {Universidade de Brasília},
  year = {2021},
}
