@misc{cl_flipflops_RS_D_JK,
  author = {Marcelo Grandi Mandelli},
  title = {Flip-flops RS, D e JK},
  publisher = {Universidade de Brasília},
  year = {2021},
  howpublished = "\url{https://aprender3.unb.br/mod/resource/view.php?id=386087}"
}

@misc{circuito_anel_CL,
  author = {Marcelo Grandi Mandelli},
  title = {Circuito de Contadores em Anel},
  publisher = {Universidade de Brasília},
  year = {2021},
  howpublished = "\url{https://aprender3.unb.br/mod/resource/view.php?id=386117}"
}

@misc{Contadores_assincronos,
  author = {Marcelo Grandi Mandelli},
  title = {Contadores Assíncronos},
  publisher = {Universidade de Brasília},
  year = {2021},
  howpublished = "\url{https://aprender3.unb.br/mod/resource/view.php?id=386120}"
}


@misc{Contadores_sincronos,
  author = {Marcelo Grandi Mandelli},
  title = {Contadores Síncronos},
  publisher = {Universidade de Brasília},
  year = {2021},
  howpublished = "\url{https://aprender3.unb.br/mod/resource/view.php?id=386125}"
}
