@Book{harris:42,
  author = {David Harris},
  title = {Digital Design and Computer Architecture},
  publisher = {Morgan Kaufmann},
  year = {2012},
  edition = {2nd}
}

@Book{patt:42,
  author = {Yale N. Patt},
  title = {Introduction to Computing Systems: From Bits and Gates to C and Beyond},
  publisher = {McGraw-Hill Education},
  year = {2003},
  edition = {2nd}
}

@misc{lcl,
  author = {Marcus Vinícius Lamar},
  title = {Laboratório de Circuitos Lógicos},
  publisher = {Universidade de Brasília},
  year = {2021}
}

@misc{cl,
  author = {Marcelo Mandelli},
  title = {Circuitos Lógicos},
  publisher = {Universidade de Brasília},
  year = {2021}
}

@misc{karnaugh_generator,
  author = {Philipps Universität Marburg},
  title = {Karnaugh-Veitch Map},
  howpublished = "\url{https://www.mathematik.uni-marburg.de/~thormae/lectures/ti1/code/karnaughmap/}",
  note = "[Online; acessado em 27 de Agosto de 2021]"
}
