@misc{lcl,
  author = {Marcus Vinícius Lamar},
  title = {Laboratório de Circuitos Lógicos},
  publisher = {Universidade de Brasília},
  year = {2021}
}

@misc{codificadores_mandelli,
  author = {Marcelo Grandi Mandelli},
  title = {Codificadores},
  publisher = {Universidade de Brasília},
  year = {2021},
  howpublished = "\url{https://aprender3.unb.br/mod/resource/view.php?id=386054}"
}
