@misc{lcl,
  author = {Marcus Vinícius Lamar},
  title = {Laboratório de Circuitos Lógicos},
  publisher = {Universidade de Brasília},
  year = {2021}
}

@misc{codificadores_mandelli,
  author = {Marcelo Grandi Mandelli},
  title = {Codificadores},
  publisher = {Universidade de Brasília},
  year = {2021},
  howpublished = "\url{https://aprender3.unb.br/mod/resource/view.php?id=386054}"
}

@misc{codificadores_e_decodificadores,
  author = {Carla Koike and Marcelo Grandi Mandelli},
  title = {Codificadores e Decodificadores},
  publisher = {Universidade de Brasília},
  year = {2021},
  howpublished = "\url{https://aprender3.unb.br/mod/url/view.php?id=386056}"
}

@misc{gray_code_table,
  author = {Wikipedia - Gray Code},
  title = {Gray Code Table},
  publisher = {Wikipedia},
  year = {2021},
  howpublished = "\url{https://www.wikiwand.com/en/Gray_code}"
}
